<?xml version="1.0" encoding="UTF-8"?><collection><record><leader>05951ntm a2200625 a 4500</leader><controlfield tag="001">006814121</controlfield><controlfield tag="003">MiAaHDL</controlfield><controlfield tag="005">20190719000000.0</controlfield><controlfield tag="006">m        d        </controlfield><controlfield tag="007">cr bn ---auaua</controlfield><controlfield tag="008">090608s15uu    xx            00| ||ara d</controlfield><datafield tag="035" ind1=" " ind2=" "><subfield code="a">(MiU)006814121</subfield></datafield><datafield tag="035" ind1=" " ind2=" "><subfield code="a">sdr-miu006814121</subfield></datafield><datafield tag="040" ind1=" " ind2=" "><subfield code="a">MiU</subfield><subfield code="c">MiU</subfield><subfield code="e">amremm</subfield></datafield><datafield tag="041" ind1="1" ind2=" "><subfield code="a">per</subfield><subfield code="a">ara</subfield><subfield code="h">ara</subfield></datafield><datafield tag="043" ind1=" " ind2=" "><subfield code="a">n-us-mi</subfield></datafield><datafield tag="100" ind1="0" ind2=" "><subfield code="6">880-01</subfield><subfield code="a">Jāmī,</subfield><subfield code="d">1414-1492.</subfield></datafield><datafield tag="240" ind1="1" ind2="0"><subfield code="6">880-02</subfield><subfield code="a">Arbaʻīn-i Jāmī</subfield></datafield><datafield tag="245" ind1="1" ind2="0"><subfield code="6">880-03</subfield><subfield code="a">Ḥadīs̲-i arbaʻīn,</subfield><subfield code="f">[16th century?].</subfield></datafield><datafield tag="246" ind1="3" ind2=" "><subfield code="6">880-04</subfield><subfield code="a">Tarjamah-ʼi manẓūm-i chihil ḥadīs̲</subfield></datafield><datafield tag="246" ind1="3" ind2=" "><subfield code="a">Hadis-i erbain</subfield></datafield><datafield tag="260" ind1=" " ind2=" "><subfield code="c">[15--?].</subfield></datafield><datafield tag="300" ind1=" " ind2=" "><subfield code="a">9 leaves :</subfield><subfield code="b">paper ;</subfield><subfield code="c">152 x 105 (118 x 60) mm.</subfield></datafield><datafield tag="500" ind1=" " ind2=" "><subfield code="a">Shelfmark: Ann Arbor, University of Michigan, Special Collections Library, Isl. Ms. 429</subfield></datafield><datafield tag="500" ind1=" " ind2=" "><subfield code="a">Origin: Lacks dated scribal colophon ; decoration, hand, paper, etc. would suggest 16th century.</subfield></datafield><datafield tag="500" ind1=" " ind2=" "><subfield code="a">Former shelfmark: "400 T. De M. [i.e. Tammaro De Marinis]" and "237" inscribed in pencil on 'title page’.</subfield></datafield><datafield tag="500" ind1=" " ind2=" "><subfield code="a">Binding: Pasteboards covered in dark red-brown leather ; Type II binding (with flap) ; board linings in untinted laid paper ; upper and lower covers carry stamped and gold-painted scalloped mandorla (filled with vegetal composition, compare Déroche class. OAi2 1) and pendants, along with gold-painted accents and tooled border ; overall in poor condition with significant abrasion, lifting and losses of leather (spine and fore edge flap in particular), minor delamination of upper board, etc. ; repairs to fore edge flap in paper.</subfield></datafield><datafield tag="500" ind1=" " ind2=" "><subfield code="a">Support: non-European (likely Persianate) laid paper with 7-8 laid lines per cm. (horizontal, somewhat indistinct) and no chain lines plainly visible, fairly thick and sturdy, well-burnished ; severe moisture damage to incipit page.</subfield></datafield><datafield tag="500" ind1=" " ind2=" "><subfield code="a">Decoration: Illuminated headpiece (ʻunwān) at opening on p.2 consisting of rectangular piece with gold cartouche now carrying title "حديث اربعين لمولانا جامى" flanked by floral vegetal pieces in gold, pink, and orange on a field of blue, surmounted by a scalloped triangular piece or hasp continuing floral vegetal design, itself surmounted by vertical stalks (tīgh) in blue ; written area of incipit page (larger than written area elsewhere) appears to be gold or silver flecked, elsewhere only portions of the written area appear to be gold or silver flecked ; written area throughout surrounded by a gold frame with outermost blue rule ; ḥadīth text chrysographed.</subfield></datafield><datafield tag="500" ind1=" " ind2=" "><subfield code="a">Script: Nastaʻlīq ; elegant hand ; serifless with characteristic descent of words to baseline and superscripting of final words and letters ; elongation of horizontal strokes ; text of ḥadīth fully vocalized.</subfield></datafield><datafield tag="500" ind1=" " ind2=" "><subfield code="a">Layout: Written in roughly 9 lines per page, three of ḥadīth text and six of the Persian verse paraphrase with the hemistiches of four lines of verse divided and arranged on the diagonal ; written area divided to set off the ḥadīth text and elucidation ; frame-ruled.</subfield></datafield><datafield tag="500" ind1=" " ind2=" "><subfield code="a">Collation: IV+1 (9) ; quaternion with added leaf ; catchwords present ; pagination in pencil, Western numerals, supplied during digitization.</subfield></datafield><datafield tag="500" ind1=" " ind2=" "><subfield code="a">Colophon: "Authorial," reads " تمت ترجمه هذه الاربعين بتوفيق من هو ناصر ومعين سنه ست و ثمانين و ثمانمائة متع الله بها كل فريق فيه و الحمد لله على الاتمام و الصلوه و السلام على محمد و آله البررة الكرام"</subfield></datafield><datafield tag="500" ind1=" " ind2=" "><subfield code="a">Explicit: "وقال لا يشبع المؤمن من دون جاره هر که در خطه مسلمانی باشد از نقد دین گر انمایه ... تمت ترجمه هذه الاربعين بتوفيق من هو ناصر ومعين سنه ست و ثمانين و ثمانمائة متع الله بها كل فريق فيه و الحمد لله على الاتمام و الصلوه و السلام على محمد و آله البررة الكرام اربعینهاى سالکان جامی هست بهر وصول صدر قبول بنود از فضل حق عجیب و غریب که بدین اربعین رسی بوصول"</subfield></datafield><datafield tag="500" ind1=" " ind2=" "><subfield code="a">Incipit: "صحیح ترین حدیثی که راویان مجالس دین ... اما بعد این چهل کلمه است ازان کلمات که سهولت فهم و حفظ را بنظم فارسی ترجمه گر ده می آید امید ... لا يؤمن احدكم حتى يحب لاخيه ما يحب لنفسه هر کسی را لقب مکن مؤمن گرچه از سعی جان وتن کاهد ..."</subfield></datafield><datafield tag="500" ind1=" " ind2=" "><subfield code="a">Title from headpiece at opening (p.2).</subfield></datafield><datafield tag="500" ind1=" " ind2=" "><subfield code="a">Ms. codex.</subfield></datafield><datafield tag="510" ind1="4" ind2=" "><subfield code="a">Cat. Pers. MSS. Brit. Mus.,</subfield><subfield code="c">p.17</subfield></datafield><datafield tag="520" ind1="8" ind2=" "><subfield code="a">Fine copy of Jāmī's verse paraphrase of forty ḥadīth.</subfield></datafield><datafield tag="538" ind1=" " ind2=" "><subfield code="a">Mode of access: Internet.</subfield></datafield><datafield tag="541" ind1=" " ind2=" "><subfield code="c">Purchase ;</subfield><subfield code="a">Acquired by purchase (funds donated by Horace Rackham).</subfield><subfield code="d">1924.</subfield></datafield><datafield tag="546" ind1=" " ind2=" "><subfield code="a">Arabic and Persian.</subfield></datafield><datafield tag="561" ind1=" " ind2=" "><subfield code="a">Numerous notes in ruqʻah script on upper and lower board linings and recto of final leaf (p.18) ; otherwise fairly clean copy.</subfield></datafield><datafield tag="650" ind1=" " ind2="0"><subfield code="a">Manuscripts, Persian</subfield><subfield code="z">Michigan</subfield><subfield code="z">Ann Arbor.</subfield></datafield><datafield tag="650" ind1=" " ind2="0"><subfield code="a">Manuscripts, Arabic</subfield><subfield code="z">Michigan</subfield><subfield code="z">Ann Arbor.</subfield></datafield><datafield tag="650" ind1=" " ind2="0"><subfield code="a">Hadith</subfield><subfield code="v">Poetry</subfield><subfield code="v">Early works to 1800.</subfield></datafield><datafield tag="650" ind1=" " ind2="0"><subfield code="a">Hadith</subfield><subfield code="x">Criticism, interpretation, etc.</subfield><subfield code="v">Early works to 1800.</subfield></datafield><datafield tag="650" ind1=" " ind2="0"><subfield code="a">Hadith</subfield><subfield code="v">Texts</subfield><subfield code="v">Early works to 1800.</subfield></datafield><datafield tag="655" ind1=" " ind2="7"><subfield code="a">Headpieces (layout features)</subfield><subfield code="y">17th century.</subfield><subfield code="2">aat</subfield></datafield><datafield tag="700" ind1="0" ind2=" "><subfield code="a">Abdülhamid</subfield><subfield code="b">II,</subfield><subfield code="c">Sultan of the Turks,</subfield><subfield code="d">1842-1918,</subfield><subfield code="e">former owner.</subfield></datafield><datafield tag="773" ind1="0" ind2=" "><subfield code="a">Abdul Hamid Collection.</subfield></datafield><datafield tag="880" ind1="3" ind2=" "><subfield code="6">246-04/</subfield><subfield code="a">ترجمۀ منظوم چهل حدیث</subfield></datafield><datafield tag="880" ind1="1" ind2="0"><subfield code="6">245-03/</subfield><subfield code="a">حدیث اربعین,</subfield><subfield code="f">[قرن 16م؟].</subfield></datafield><datafield tag="880" ind1="1" ind2="0"><subfield code="6">240-02/</subfield><subfield code="a">اربعين جامي</subfield></datafield><datafield tag="880" ind1="0" ind2=" "><subfield code="6">100-01/</subfield><subfield code="a">جامي.</subfield></datafield><datafield tag="CID" ind1=" " ind2=" "><subfield code="a">006814121</subfield></datafield><datafield tag="DAT" ind1="0" ind2=" "><subfield code="a">20190719102638.0</subfield><subfield code="b">20190719000000.0</subfield></datafield><datafield tag="DAT" ind1="1" ind2=" "><subfield code="a">20190719090653.0</subfield><subfield code="b">2019-07-19T16:11:47Z</subfield></datafield><datafield tag="DAT" ind1="2" ind2=" "><subfield code="a">2015-10-02T18:00:03Z</subfield></datafield><datafield tag="CAT" ind1=" " ind2=" "><subfield code="a">SDR-MIU</subfield><subfield code="d">EX LIBRIS - ALEPH</subfield><subfield code="l">prepare.pl-004-008</subfield></datafield><datafield tag="FMT" ind1=" " ind2=" "><subfield code="a">BK</subfield></datafield><datafield tag="HOL" ind1=" " ind2=" "><subfield code="0">sdr-miu006814121</subfield><subfield code="a">MiU</subfield><subfield code="b">SDR</subfield><subfield code="c">MIU</subfield><subfield code="p">mdp.39015079128776</subfield><subfield code="s">MIU</subfield><subfield code="1">006814121</subfield></datafield><datafield tag="974" ind1=" " ind2=" "><subfield code="b">MIU</subfield><subfield code="c">MIU</subfield><subfield code="d">20190719</subfield><subfield code="s">lit-dlps-dc</subfield><subfield code="u">mdp.39015079128776</subfield><subfield code="y">1599</subfield><subfield code="r">pd</subfield><subfield code="q">bib</subfield><subfield code="t">non-US bib date1 &lt; 1896</subfield></datafield></record></collection>